002902148 FMT   L BK
002902148 LDR   L 00000nam^a22003258i^4500
002902148 BAS   L $$a01
002902148 008   L 180914s2019^^^^xxk^^^^^^^^^^^000^0^eng^d
002902148 020   L $$a9781292214351
002902148 020   L $$a129221435x
002902148 040   L $$aUSP/SIBI
002902148 0410  L $$aeng
002902148 044   L $$axxk
002902148 0920  L $$a338.5
002902148 1001  L $$aAcemoglu, Daron
002902148 24510 L $$aMicroeconomics$$cDaron Acemoglu, David Laibson, John A. List
002902148 250   L $$a2. ed
002902148 260   L $$aHarlow, UK$$bPearson$$c2019
002902148 300   L $$a501 p
002902148 4900  L $$aThe Pearson series in economics
002902148 650 7 L $$aMICROECONOMIA$$2larpcal
002902148 7001  L $$aLaibson, David I
002902148 7001  L $$aList, John A$$d1968-
002902148 945   L $$aL$$bLIVRO$$c01
002902148 CAT   L $$a5940144$$b10$$c20180914$$lUSP01$$h1347
002902148 CAT   L $$a5940144$$b10$$c20181018$$lUSP01$$h1632
002902148 001   L 002902148
