002928053 FMT   L BK
002928053 LDR   L 00000nam^^22^^^^^Ia^4500
002928053 BAS   L $$a01
002928053 008   L 190218s2019^^^^xxk^^^^^^^^^^^000^0^eng^d
002928053 020   L $$a1292214503
002928053 020   L $$a9781292214504
002928053 040   L $$aUSP/SIBI
002928053 0410  L $$aeng
002928053 044   L $$axxk
002928053 0920  L $$a330
002928053 1001  L $$aAcemoglu, Daron
002928053 24510 L $$aEconomics$$bglobal edition$$cDaron Acemoglu, David Laibson, John A. List
002928053 250   L $$a2. ed
002928053 260   L $$aHarlow, England$$bPearson$$c2019
002928053 300   L $$a823 p
002928053 4900  L $$aThe Pearson series in economics
002928053 650 7 L $$aECONOMIA$$2larpcal
002928053 650 7 L $$aECONOMIA POLÍTICA$$2larpcal
002928053 7001  L $$aLaibson, David
002928053 7001  L $$aList, John A
002928053 945   L $$aL$$bLIVRO$$c01
002928053 CAT   L $$a5940144$$b10$$c20190218$$lUSP01$$h1627
002928053 001   L 002928053
