002918613 FMT   L BK
002918613 LDR   L 00000nam^^22^^^^^Ia^4500
002918613 BAS   L $$a01
002918613 008   L 190107s2019^^^^bl^a^^^frbn^^^000^0^por^d
002918613 020   L $$a9788578891510
002918613 040   L $$aUSP/SIBI
002918613 0410  L $$apor
002918613 044   L $$abl
002918613 099 9 L $$aD36
002918613 1001  L $$aAmado, Flávio Monteiro
002918613 24510 L $$aCurvas da face$$bharmonização orofacial$$cFlávio Monteiro Amado, José Nilo de Oliveira Freire, Gabriela Leticia Natalicio
002918613 260   L $$aSão Paulo$$bQuintessence$$c2019
002918613 300   L $$aix, 493 p$$bil$$c31 cm
002918613 650 7 L $$aODONTOLOGIA ESTÉTICA$$2larpcal
002918613 7001  L $$aFreire, José Nilo de Oliveira
002918613 7001  L $$aNatalício, Gabriela Letícia
002918613 945   L $$aL$$bLIVRO$$c01
002918613 CAT   L $$a5769511$$b10$$c20190107$$lUSP01$$h1656
002918613 001   L 002918613
