002906739 FMT   L BK
002906739 LDR   L 00000nam^^22^^^^^Ia^4500
002906739 BAS   L $$a01
002906739 008   L 181016s2019^^^^bl^^^^^^^^^^^^000^0^por^d
002906739 020   L $$a9788538809012
002906739 040   L $$aUSP/SIBI
002906739 0410  L $$apor
002906739 044   L $$abl
002906739 099 9 L $$aWN100
002906739 24500 L $$aRadiologia e diagnóstico por imagem$$bnormas e procedimentos administrativos e didáticos$$ccoordenadores da Série José Otávio Costa Auler Junior, Luis YU ; editores do volume Regina Lúcia Elia Gomes, Giovanni Guido Cerri, Manuel de Souza Rocha
002906739 260   L $$aRio de Janeiro$$bAtheneu$$c2019
002906739 300   L $$al, 666 p$$bil
002906739 4900  L $$aManual do médico-residente do Hospital das Clínicas da Faculdade de Medicina da Universidade de São Paulo
002906739 500   L $$aVários colaboradores
002906739 504   L $$aInclui referências bibliográficas e índice remissivo
002906739 650 7 L $$aRADIOLOGIA$$2larpcal
002906739 650 7 L $$aDIAGNÓSTICO POR IMAGEM$$2larpcal
002906739 650 7 L $$aRESIDÊNCIA MÉDICA$$2larpcal
002906739 7001  L $$aAuler Junior, José Otávio Costa$$4coord
002906739 7001  L $$aYu, Luis$$4coord
002906739 7001  L $$aGomes, Regina Lúcia Elia$$4ed
002906739 7001  L $$aCerri, Giovanni Guido$$4ed
002906739 7001  L $$aRocha, Manoel de Souza$$4ed
002906739 945   L $$aL$$bLIVRO$$c01
002906739 CAT   L $$aAPARECIDA$$b10$$c20181016$$lUSP01$$h0914
002906739 001   L 002906739
