002928322 FMT   L BK
002928322 LDR   L 00000nam^^22^^^^^Ia^4500
002928322 BAS   L $$a01
002928322 008   L 190219s2019^^^^bl^^^^^f^^^^^^000^0^por^d
002928322 020   L $$a9788553605002
002928322 040   L $$aUSP/SIBI
002928322 0410  L $$apor
002928322 044   L $$abl
002928322 1001  L $$aBittar, Eduardo Carlos Bianca$$d1974
002928322 24510 L $$aMetodologia da pesquisa jurídica$$bteoria e prática da monografia para os cursos de direito$$cEduardo C.B. Bittar
002928322 250   L $$a16. ed
002928322 260   L $$aSão Paulo$$bSaraiva$$c2019
002928322 300   L $$a350 p
002928322 504   L $$aInclui notas explicativas , bibliográficas e bibliografia
002928322 650 7 L $$aMETODOLOGIA CIENTÍFICA$$2larpcal
002928322 650 7 L $$aPESQUISA CIENTÍFICA$$2larpcal
002928322 650 7 L $$aPESQUISA JURÍDICA$$2larpcal
002928322 650 7 L $$aMETODOLOGIA DA PESQUISA$$2larpcal
002928322 945   L $$aL$$bLIVRO$$c01
002928322 CAT   L $$aFCAMPOS$$b10$$c20190219$$lUSP01$$h1700
002928322 CAT   L $$a2471160$$b10$$c20190220$$lUSP01$$h1419
002928322 001   L 002928322
