002928326 FMT   L BK
002928326 LDR   L 00000nam^^22^^^^^Ia^4500
002928326 BAS   L $$a01
002928326 008   L 190219s2019^^^^bl^^^^^f^^^^^^000^0^por^d
002928326 020   L $$a9788553604999
002928326 040   L $$aUSP/SIBI
002928326 0410  L $$apor
002928326 044   L $$abl
002928326 1001  L $$aBittar, Eduardo Carlos Bianca$$d1974
002928326 24510 L $$aCurso de ética$$bgeral e profissional$$cEduardo C. B. Bittar
002928326 250   L $$a15. ed
002928326 260   L $$aSão Paulo$$bSaraiva$$c2019
002928326 300   L $$a640 p
002928326 504   L $$aInclui notas explicativas, bibliográficas e bibliografia
002928326 650 7 L $$aÉTICA$$2larpcal
002928326 650 7 L $$aÉTICA FORENSE$$2larpcal
002928326 650 7 L $$aÉTICA PROFISSIONAL$$2larpcal
002928326 945   L $$aL$$bLIVRO$$c01
002928326 CAT   L $$aFCAMPOS$$b10$$c20190219$$lUSP01$$h1714
002928326 CAT   L $$a2471160$$b10$$c20190220$$lUSP01$$h1410
002928326 001   L 002928326
