002928332 FMT   L BK
002928332 LDR   L 00000nam^^22^^^^^Ia^4500
002928332 BAS   L $$a01
002928332 008   L 190219s2019^^^^bl^^^^^f^^^^^^000^0^por^d
002928332 020   L $$a9788553602889
002928332 040   L $$aUSP/SIBI
002928332 0410  L $$apor
002928332 044   L $$abl
002928332 1001  L $$aBittar, Eduardo Carlos Bianca$$d1974
002928332 24510 L $$aIntrodução ao estudo do direito$$bhumanismo, democracia e justiça$$cEduardo C. B. Bittar
002928332 250   L $$a2. ed., rev. e ampl
002928332 260   L $$aSão Paulo$$bSaraiva$$c2019
002928332 300   L $$a639 p
002928332 504   L $$aInclui notas explicativas, bibliográficas e bibliografia
002928332 650 7 L $$aDIREITO$$2larpcal
002928332 650 7 L $$aTEORIA JURÍDICA$$2larpcal
002928332 650 7 L $$aDIREITO$$xESTUDO E ENSINO$$2larpcal
002928332 945   L $$aL$$bLIVRO$$c01
002928332 CAT   L $$aFCAMPOS$$b10$$c20190219$$lUSP01$$h1727
002928332 CAT   L $$a2471160$$b10$$c20190220$$lUSP01$$h1405
002928332 001   L 002928332
