002926393 FMT   L BK
002926393 LDR   L 00000nam^^22^^^^^Ia^4500
002926393 BAS   L $$a01
002926393 008   L 190208s2019^^^^bl^^^^^^^^^^^^000^0^por^d
002926393 020   L $$a9788547322663
002926393 040   L $$aUSP/SIBI
002926393 0410  L $$apor
002926393 044   L $$abl
002926393 090   L $$aQH541.15
002926393 1001  L $$aBrandimarte, Ana Lúcia
002926393 24512 L $$aO ser humano e o ambiente$$cAna úcia Brandmarte, Déborah Yara Alves Cursino dos Santos
002926393 260   L $$aCuritiba$$bAppris$$c2019
002926393 300   L $$a115 p$$bil
002926393 4900  L $$aSustentabilidade, Impacto, Direito, Gestão e Educação Ambiental
002926393 650 7 L $$aEDUCAÇÃO AMBIENTAL$$2larpcal
002926393 650 7 L $$aSUSTENTABILIDADE$$2larpcal
002926393 7001  L $$aSantos, Déborah Yara Alves Cursino dos
002926393 945   L $$aL$$bLIVRO$$c01
002926393 CAT   L $$a3656884$$b10$$c20190208$$lUSP01$$h1515
002926393 001   L 002926393
