002927663 FMT   L BK
002927663 LDR   L 00000nam^^22^^^^^Ia^4500
002927663 BAS   L $$a01
002927663 008   L 190215s2019^^^^xxu^^^^^^^^^^^000^0^eng^d
002927663 040   L $$aUSP/SIBI
002927663 0410  L $$aeng
002927663 044   L $$axxu
002927663 1001  L $$aBurgess, Ann Wolbert
002927663 24510 L $$aVictimology$$btheories and applications$$cAnn Wolbert Burgess, RN, DNSc, APRN, BC, FAAN Professor Psychiatric Nursing William F. Connell School of Nursing Boston College
002927663 250   L $$aThird edition
002927663 260   L $$aBurlington$$bJones & Bartlett Learning$$c[2019]
002927663 300   L $$axxii, 738 p$$billustrations$$c23 cm
002927663 500   L $$aRevised edition of Victimology, c2013
002927663 520   L $$a" Victimology: Theories and Applications, Third Edition provides a comprehensive introduction to the study of victimization, crime typologies, and the impact of crime on victims, offenders, and society at large. Each chapter provides an overview of the scope, law, and victim response to crime and concludes with a summary and discussion questions to ensure comprehension. An overview of the issues impacting victims of a wide variety of traditional and contemporary crimes are examined, including child maltreatment, intimate partner violence, bullying, elder abuse, cybercrime and hate crimes. The history and theories of victimology are explored, as well as definitive laws and policies, strategies for intervention, and future research areas. This Third Edition offers a balance between theory and application and will prepare readers to work with victims, offenders, and the justice system."$$cProvided by publisher
002927663 520   L $$a"Victimology: Theories and Applications introduces readers to the study of victimization, crime typologies, and the impact of crime on victims, offenders, and society at large. Each chapter provides a typology of the offender to analyze motivation. An overview of the issues impacting victims of a wide variety of traditional and contemporary crimes are examined, including child maltreatment, intimate partner violence, elder abuse, cyber crime and hate crimes. The history and theories of victimology are explored, as well as definitive laws and policies, strategies for intervention, and future research areas"--$$cProvided by publisher
002927663 5058  L $$aMachine generated contents note: -- Chapter1 Crime and Victimology Chapter2 Measurement of Crime and Victimization Chapter3 Theories of Victimization Chapter4 Victim Rights and Services Chapter5 Justice Systems Chapter6 Child Abuse and Neglect Chapter7 Abduction and Exploitation Chapter8 School Violence Chapter9 Intimate Partner Violence Chapter10 Stalking Victims Chapter11 Victims of Rape and Sexual Assault Chapter12 Elder Abuse Victims Chapter13 Homicide: Victims, Their Families, and the Community Chapter14 Hate Crimes Chapter15 Victims of Social Media Chapter16 Victims of Cybercrime Chapter17 Other Forms of Victimization Chapter18 Forensic Victimology and Investigative Profiling.
002927663 650 7 L $$aVITIMOLOGIA$$zESTADOS UNIDOS$$2larpcal
002927663 650 7 L $$aVÍTIMA$$2larpcal
002927663 945   L $$aL$$bLIVRO$$c01
002927663 CAT   L $$aEDSAN$$b10$$c20190215$$lUSP01$$h1139
002927663 001   L 002927663
