002925968 FMT   L BK
002925968 LDR   L 00000nam^^22^^^^^Ia^4500
002925968 BAS   L $$a01
002925968 008   L 190207s2019^^^^bl^^^^^^^^^^^^000^0^por^d
002925968 040   L $$aUSP/SIBI
002925968 0410  L $$apor
002925968 044   L $$abl
002925968 1001  L $$aCardoso, Carolina Alves Oliveira
002925968 24510 L $$aAnálise do uso e produção de herbicidas e do tratamento de seus efluentes líquidos$$cCarolina Alves Oliveira Cardoso; orient.Cesar Roberto de Farias Azevedo
002925968 260   L $$aSão Paulo$$bEPUSP$$c2019
002925968 300   L $$a57 p.
002925968 502   L $$aTrabalho de Formatura do curso de graduação do Departamento de Engenharia Metalúrgica e de Materiais
002925968 650 7 L $$aHERBICIDAS$$2larpcal
002925968 650 7 L $$aEFLUENTES$$2larpcal
002925968 7001  L $$aAzevedo, Cesar Roberto de Farias$$d1964-
002925968 945   L $$aL$$bTRABALHO DE CONCLUSAO DE CURSO - TCC$$c11
002925968 CAT   L $$aDITCHIAN$$b10$$c20190207$$lUSP01$$h0937
002925968 001   L 002925968
