002913914 FMT   L BK
002913914 LDR   L 00000nam^^2200229^a^4500
002913914 BAS   L $$a01
002913914 008   L 181129s2019^^^^bl^^^^^^^^^^^^000^0^por^d
002913914 020   L $$a9788597018615
002913914 040   L $$aUSP/SIBI
002913914 0410  L $$apor
002913914 044   L $$abl
002913914 1001  L $$aCarvalho, Marly Monteiro de$$d1965-
002913914 24510 L $$aFundamentos em gestão de projetos$$bconstruindo competências para gerenciar projetos$$cMarly Monteiro de Carvalho, Roque Rabechini Jr
002913914 250   L $$a5 ed
002913914 260   L $$aSão Paulo$$bAtlas$$c2019
002913914 300   L $$axix, 411 p
002913914 650 7 L $$aADMINISTRAÇÃO DE PROJETOS$$2larpcal
002913914 650 7 L $$aADMINISTRAÇÃO DE EMPRESAS$$2larpcal
002913914 651 7 L $$aPLANEJAMENTO ESTRATÉGICO$$2larpcal
002913914 655 7 L $$aCOMPORTAMENTO ORGANIZACIONAL$$2larpcal
002913914 7001  L $$aRabechini Junior, Roque
002913914 945   L $$aL$$bLIVRO$$c01
002913914 CAT   L $$aSIOLI$$b10$$c20181129$$lUSP01$$h1153
002913914 001   L 002913914
