002925016 FMT   L BK
002925016 LDR   L 00000nam^^^22^^^^Ia^^^^^
002925016 BAS   L $$a01
002925016 008   L 190204s2019^^^^bl^^^^^f^^^^^^000^0^por^d
002925016 020   L $$a9788553603299
002925016 040   L $$aUSP/SIBI
002925016 0410  L $$apor
002925016 044   L $$abl
002925016 24500 L $$aVade Mecum$$bSaraiva$$cobra coletiva de autoria da Editora Saraiva com a colaboração de Livia Céspedes e Fabiana Dias da Rocha
002925016 250   L $$a27. ed
002925016 260   L $$aSão Paulo$$bSaraiva$$c2019
002925016 300   L $$axlii, 2558 p
002925016 650 7 L $$aCONSTITUIÇÃO DE 1988$$zBRASIL$$2larpcal
002925016 650 7 L $$aCÓDIGO CIVIL$$zBRASIL$$2larpcal
002925016 650 7 L $$aCÓDIGO COMERCIAL$$zBRASIL$$2larpcal
002925016 650 7 L $$aCÓDIGO DE PROCESSO CIVIL$$zBRASIL$$2larpcal
002925016 650 7 L $$aCÓDIGO PENAL$$zBRASIL$$2larpcal
002925016 650 7 L $$aCÓDIGO DE PROCESSO PENAL$$zBRASIL$$2larpcal
002925016 650 7 L $$aPROCESSO PENAL MILITAR$$zBRASIL$$2larpcal
002925016 650 7 L $$aCÓDIGO TRIBUTÁRIO$$zBRASIL$$2larpcal
002925016 650 7 L $$aDIREITO ELEITORAL$$zBRASIL$$2larpcal
002925016 650 7 L $$aCÓDIGO FLORESTAL$$zBRASIL$$2larpcal
002925016 650 7 L $$aCÓDIGO DE PROTEÇÃO E DEFESA DO CONSUMIDOR$$zBRASIL$$2larpcal
002925016 650 7 L $$aCÓDIGO DE TRÂNSITO$$zBRASIL$$2larpcal
002925016 650 7 L $$aCONSOLIDAÇÃO DAS LEIS DO TRABALHO$$zBRASIL$$2larpcal
002925016 650 7 L $$aESTATUTO DA CRIANÇA E DO ADOLESCENTE$$zBRASIL$$2larpcal
002925016 650 7 L $$aESTATUTO DA CIDADE$$2larpcal
002925016 650 7 L $$aSÚMULA$$2larpcal
002925016 650 7 L $$aTRIBUNAL SUPERIOR$$2larpcal
002925016 7001  L $$aCéspedes, Livia$$4colab
002925016 7001  L $$aRocha, Fabiana Dias da$$4colab
002925016 7101  L $$aBrasil$$bLeis, Decretos, etc
002925016 7102  L $$aEditora Saraiva
002925016 945   L $$aL$$bLIVRO$$c01
002925016 CAT   L $$aFCAMPOS$$b10$$c20190204$$lUSP01$$h1732
002925016 001   L 002925016
