002924768 FMT   L BK
002924768 LDR   L 00000nam^^22^^^^^Ia^4500
002924768 BAS   L $$a01
002924768 008   L 190204s2019^^^^nyu^^^^^^^^^^^000^0^eng^d
002924768 020   L $$a9781138312944
002924768 040   L $$aUSP/SIBI
002924768 0410  L $$aeng
002924768 044   L $$anyu
002924768 09801 L $$a502.131.1 S947 T.16076
002924768 24510 L $$aSugarcane bioenergy for sustainable development$$bexpanding production in Latin America and Africa$$cEdited by Luís A B Cortez , Manoel Regis L. V and Luiz A Horta Nogueira
002924768 260   L $$aNew York$$bRoutledge$$c2019
002924768 300   L $$a417p
002924768 650 7 L $$aDESENVOLVIMENTO SUSTENTÁVEL$$2larpcal
002924768 650 7 L $$aRECURSOS ENERGÉTICOS$$2larpcal
002924768 7001  L $$aCortez, Luís A B$$4ed
002924768 7001  L $$aLeal, Manoel Regis L V$$4ed
002924768 7001  L $$aNogueira, Luiz A Horta$$4ed
002924768 945   L $$aL$$bLIVRO$$c01
002924768 CAT   L $$aPENHA$$b10$$c20190204$$lUSP01$$h1140
002924768 001   L 002924768
