002927786 FMT   L BK
002927786 LDR   L 00000nam^^22^^^^^Ia^4500
002927786 BAS   L $$a01
002927786 008   L 190215s2019^^^^sz^^^^^^^^^^^^000^0^eng^d
002927786 020   L $$a9783030014056
002927786 040   L $$aUSP/SIBI
002927786 0410  L $$aeng
002927786 044   L $$asz
002927786 0920  L $$a301.072
002927786 24500 L $$aComputer supported qualitative research$$bnew trends on qualitative research$$cAntónio Pedro Costa, Luís Paulo Reis, António Moreira, editors
002927786 260   L $$aCham, Switzerland$$bSpring$$cc2019
002927786 300   L $$a318p$$bil
002927786 4900  L $$aAdvances in Intelligent Systems and Computing$$v861
002927786 650 7 L $$aPESQUISA QUALITATIVA$$2larpcal
002927786 650 7 L $$aMETODOLOGIA CIENTÍFICA$$2larpcal
002927786 650 7 L $$aMETODOLOGIA DA PESQUISA$$2larpcal
002927786 7001  L $$aCosta, António Pedro$$4ed
002927786 7001  L $$aReis, Luís Paulo$$4ed
002927786 7001  L $$aMoreira, António$$4ed
002927786 945   L $$aL$$bLIVRO$$c01
002927786 CAT   L $$a5758342$$b10$$c20190215$$lUSP01$$h1607
002927786 CAT   L $$a5758342$$b10$$c20190215$$lUSP01$$h1607
002927786 001   L 002927786
