002917551 FMT   L BK
002917551 LDR   L 00000nam^^22^^^^^Ia^4500
002917551 BAS   L $$a01
002917551 008   L 181220s2019^^^^bl^a^^^^^^^^^^000^0^por^d
002917551 020   L $$a9788535280814
002917551 040   L $$aUSP/SIBI
002917551 0410  L $$apor
002917551 044   L $$abl
002917551 0920  L $$a637.1
002917551 09801 L $$a637.13
002917551 1001  L $$aCruz, Adriano Gomes da
002917551 24510 L $$aMicrobiologia, higiene e controle de qualidade no processamento de leites e derivados$$cAdriano G. Cruz ... [et al.]
002917551 260   L $$aRio de Janeiro$$bElsevier$$c2019
002917551 300   L $$axxv, 356 p$$bil.$$c24 cm
002917551 4900  L $$aLácteos$$vv. 4
002917551 504   L $$aInclui referências bibliográficas: p. [333]-356
002917551 650 7 L $$aENGENHARIA DE ALIMENTOS$$2larpcal
002917551 650 7 L $$aLEITE$$xPRODUÇÃO$$xCONTROLE DE QUALIDADE$$2larpcal
002917551 7001  L $$aZacarchenco, Patrícia Blumer
002917551 7001  L $$aOliveira, Carlos Augusto Fernandes de
002917551 7001  L $$aCorassin, Carlos Humberto
002917551 945   L $$aL$$bLIVRO$$c01
002917551 CAT   L $$aCLAURAM$$b10$$c20181220$$lUSP01$$h0845
002917551 001   L 002917551
