002926718 FMT   L BK
002926718 LDR   L 00000aam^a22005411i^4500
002926718 BAS   L $$a01
002926718 005   L 20181212181647.0
002926718 006   L m^^^^||^^d^|^^^^^^
002926718 007   L cr^|||||||||||
002926718 008   L 181126s2019^^^^nju^^^^^r^^^^^000^0^eng^d
002926718 015   L $$aGBB8N1478$$2bnb
002926718 020   L $$a9781119555827 (electronic bk.)
002926718 020   L $$a9781119555797 (hardcover)
002926718 035   L $$a(UkOxU)021361216
002926718 037   L $$a9781119555827$$bWiley
002926718 040   L $$aN$T$$beng$$erda
002926718 0410  L $$aeng
002926718 042   L $$aukblsr
002926718 044   L $$axxu
002926718 050 4 L $$aTP680
002926718 072 7 L $$aTEC$$x031000$$2bisacsh
002926718 08204 L $$a665.3$$223
002926718 1001  L $$aGandini, Alessandro,$$eauthor.
002926718 24510 L $$aPolymers from plant oils /$$cAlessandro Gandini and Talita M. Lacerda.
002926718 250   L $$a2. ed.
002926718 260   L $$aHoboken, NJ, U.S.A.$$aBeverly, MA, U.S.A.$$bJohn Wiley & Sons$$bScrivener Publishing$$c2019
002926718 500   L $$aIncludes bibliographical references and index
002926718 5050  L $$aIntro; Title page; Copyright page; Preface to First Edition; Preface to the Second Edition; Chapter 1: Introduction; 1.1 Setting the Stage; References; Chapter 2: Basic Chemical Notions; 2.1 Drying Mechanism; 2.2 Reactive Sites; References; Chapter 3: Polymerisation of Pristine Oils and their Fatty Acids; 3.1 Polymerisation of Unsaturated Oils and Fatty Acids; 3.2 Specific Case of Castor Oil; References; Chapter 4: Monomers and Polymers from Chemically Modified Plant Oils and their Fatty Acids; 4.1 Epoxidised Structures; 4.2 Polyol Structures for Polyurethanes
002926718 5058  L $$a4.3 Polyisocyanates for Polyurethanes4.4 Polyether and Polyester Diols for Thermoplastic Polyurethanes; 4.5 Diols and Diacids for Linear Polyesters; 4.6 Monomers for Linear Polyamides and Polycarbonates; 4.7 Vinyl, Acrylic and Other Monomers for Linear Chain-growth Polymerisation; 4.8 Monomers for Other, Less Common Linear Polymers; 4.9 Special Cases of Castor Oil and Ricinoleic Acid; 4.10 Special Case of Glycerol; References; Chapter 5: Metathesis Reactions Applied to Plant Oils and Polymers Derived from the Ensuing Products; 5.1 General Considerations
002926718 5058  L $$a5.2 Metathesis Reactions as Tools for the Synthesis of Monomers and Polymers Derived from Vegetable OilsReferences; Chapter 6: Thiol-ene and Thiol-yne Reactions for the Transformation of Oleochemicals into Monomers and Polymers; 6.1 General Considerations; 6.2 Thiol-ene Reaction as a Tool for the Synthesis of Monomers and Polymers Derived from Vegetable Oils; 6.3 Thiol-yne Reaction as a Tool for the Synthesis of Monomers and Polymers Derived from Vegetable Oils; 6.4 Final Considerations; References
002926718 5058  L $$aChapter 7: Diels-Alder Reactions and Polycondensations Applied to Vegetable Oils and their DerivativesReferences; Index; End User License Agreement
002926718 506   L $$aLegal Deposit;$$cOnly available on premises controlled by the deposit library and to one user at any one time;$$eThe Legal Deposit Libraries (Non-Print Works) Regulations (UK).$$5UkOxU
002926718 540   L $$aRestricted: Printing from this resource is governed by The Legal Deposit Libraries (Non-Print Works) Regulations (UK) and UK copyright law currently in force.$$5UkOxU
002926718 5880  L $$aOnline resource; title from PDF title page (EBSCO, viewed November 28, 2018).
002926718 650 0 L $$aVegetable oils$$xIndustrial applications.
002926718 650 0 L $$aPlant polymers.
002926718 650 0 L $$aPolymerization.
002926718 650 0 L $$aBiomass chemicals.
002926718 650 0 L $$aRenewable natural resources.
002926718 650 7 L $$aÓLEOS VEGETAIS$$xAPLICAÇÕES INDUSTRIAIS$$2larpcal
002926718 650 7 L $$aPOLIMERIZAÇÃO$$2larpcal
002926718 7001  L $$aLacerda, Talita Martins,$$eauthor.
002926718 859   L $$aELD$$bebook
002926718 876   L $$0ark:/81055/vdc_100071816623.0x000001$$aark:/81055/vdc_100071816579.0x000001
002926718 945   L $$aL$$bLIVRO$$c01
002926718 CAT   L $$a5838790$$b10$$c20190211$$lUSP01$$h1721
002926718 264 1 L $$aHoboken, NJ :$$bJohn Wiley & Sons, Inc.,$$c2018.
002926718 336   L $$atext$$2rdacontent
002926718 337   L $$acomputer$$2rdamedia
002926718 338   L $$aonline resource$$2rdacarrier
002926718 SID   L $$aZ39$$bOXFORD$$c(Uk)019139781
002926718 001   L 002926718
