002915968 FMT   L BK
002915968 LDR   L 00000nam^^22^^^^^Ia^4500
002915968 BAS   L $$a01
002915968 008   L 181211s2019^^^^bl^^^^^^^^^^^^000^0^por^d
002915968 020   L $$a9788520441435
002915968 040   L $$aUSP/SIBI
002915968 0410  L $$apor
002915968 044   L $$abl
002915968 099 9 L $$aWP141
002915968 24500 L $$aGinecologia$$ceditores Manoel João Batista Castello Girão, Geraldo Rodrigues de Lima, Edmund Chada Baracat ... [et al.]
002915968 250   L $$a2.ed
002915968 260   L $$aBarueri$$bManole$$c2019
002915968 300   L $$axxi, 768 p$$bil
002915968 500   L $$aVários autores
002915968 504   L $$aInclui referências bibliográficas e índice remissivo
002915968 650 7 L $$aGINECOLOGIA$$2larpcal
002915968 7001  L $$aGirao, Manoel Joao Batista Castello$$4ed
002915968 7001  L $$aLima, Geraldo Rodrigues de$$4ed
002915968 7001  L $$aBaracat, Edmund Chada$$4ed
002915968 7001  L $$aSartori, Marair Gracio Ferreira$$4ed
002915968 7001  L $$aNazário, Afonso Celso Pinto$$4ed
002915968 945   L $$aL$$bLIVRO$$c01
002915968 CAT   L $$aAPARECIDA$$b10$$c20181211$$lUSP01$$h1103
002915968 001   L 002915968
