002915982 FMT   L BK
002915982 LDR   L 00000nam^^22^^^^^Ia^4500
002915982 BAS   L $$a01
002915982 008   L 181211s2019^^^^bl^^^^^^^^^^^^000^0^por^d
002915982 020   L $$a9788520456217
002915982 040   L $$aUSP/SIBI
002915982 0410  L $$apor
002915982 044   L $$abl
002915982 099 9 L $$aQT255
002915982 24500 L $$aAtividade física adaptada$$bqualidade de vida para pessoas com necessidades especiais$$corganização Márcia Greguol, Roberto Fernandes da Costa
002915982 250   L $$a4.ed. rev. e ampl
002915982 260   L $$aBarueri$$bManole$$c2019
002915982 300   L $$axxviii, 580 p$$bil$$c22 cm
002915982 500   L $$aVários colaboradores
002915982 504   L $$aInclui referências bibliográficas e índice remissivo
002915982 650 7 L $$aEDUCAÇÃO FÍSICA ADAPTADA$$2larpcal
002915982 650 7 L $$aATIVIDADE FÍSICA$$2larpcal
002915982 650 7 L $$aPESSOAS COM DEFICIÊNCIA$$2larpcal
002915982 650 7 L $$aEDUCAÇÃO FÍSICA PARA DEFICIENTES$$2larpcal
002915982 650 7 L $$aESPORTE PARA PORTADORES DE DEFICIÊNCIAS$$2larpcal
002915982 7001  L $$aGreguol, Márcia$$4org
002915982 7001  L $$aCosta, Roberto Fernandes da$$4org
002915982 945   L $$aL$$bLIVRO$$c01
002915982 CAT   L $$aAPARECIDA$$b10$$c20181211$$lUSP01$$h1128
002915982 001   L 002915982
