002911074 FMT   L BK
002911074 LDR   L 00000nam^^22^^^^^Ia^4500
002911074 BAS   L $$a01
002911074 008   L 181112s2019^^^^bl^^^^^^^^^^^^000^0^por^d
002911074 020   L $$a9788545005117
002911074 040   L $$aUSP/SIBI
002911074 0410  L $$apor
002911074 044   L $$abl
002911074 1001  L $$aGuerra, Sérgio$$d1964-
002911074 24510 L $$aDiscricionariedade, regulação e reflexividade$$buma nova teoria sobre as escolhas administrativas$$cSérgio Guerra ; prefácio: Tercio Sampaio Ferraz Junior
002911074 250   L $$a5. ed., rev. e atual
002911074 260   L $$aBelo Horizonte$$bFórum$$c2019
002911074 300   L $$a480 p
002911074 500   L $$a1ª reimpressão
002911074 500   L $$aApresentado originalmente como tese do autor (doutorado) -- Universidade Gama Filho, Rio de Janeiro
002911074 500   L $$aTítulo da 1a. edição: Discricionariedade e reflexividade: uma nova teoria sobre as escolhas administrativas
002911074 504   L $$aInclui notas explicativas, bibliográficas e bibliografia
002911074 650 7 L $$aDISCRICIONARIEDADE$$2larpcal
002911074 650 7 L $$aAGÊNCIAS REGULADORAS$$2larpcal
002911074 650 7 L $$aATIVIDADE ECONÔMICA$$2larpcal
002911074 650 7 L $$aSERVIÇO PÚBLICO$$2larpcal
002911074 650 7 L $$aADMINISTRAÇÃO PÚBLICA$$2larpcal
002911074 7001  L $$aFerraz Junior, Tercio Sampaio$$4pref
002911074 945   L $$aL$$bLIVRO$$c01
002911074 CAT   L $$aEDSAN$$b10$$c20181112$$lUSP01$$h0848
002911074 CAT   L $$aEDSAN$$b10$$c20181112$$lUSP01$$h0905
002911074 001   L 002911074
