002922658 FMT   L BK
002922658 LDR   L 00000nam^^22^^^^^Ia^4500
002922658 BAS   L $$a01
002922658 008   L 190128s2019^^^^bl^^^^^^^^^^^^000^0^por^d
002922658 020   L $$a9788597019384
002922658 040   L $$aUSP/SIBI
002922658 0410  L $$apor
002922658 044   L $$abl
002922658 0920  L $$a657.45
002922658 1001  L $$aImoniana, Joshua Onome
002922658 24510 L $$aAuditoria$$bplanejamento, execução e reporte$$cJoshua Onome Imoniana ; apresentação de Welington Rocha
002922658 260   L $$aSão Paulo$$bAtlas$$c2019
002922658 300   L $$a274 p
002922658 504   L $$aInclui bibliografia
002922658 650 7 L $$aAUDITORIA$$2larpcal
002922658 7001  L $$aRocha, Welington$$4apres
002922658 945   L $$aL$$bLIVRO$$c01
002922658 CAT   L $$a5940144$$b10$$c20190128$$lUSP01$$h1433
002922658 001   L 002922658
