002907883 FMT   L BK
002907883 LDR   L 00000nam^^22^^^^^Ia^4500
002907883 BAS   L $$a01
002907883 008   L 181023s2019^^^^bl^a^^^frb^^^^000^0^por^d
002907883 020   L $$a9788553103010
002907883 040   L $$aUSP/SIBI
002907883 0410  L $$apor
002907883 044   L $$abl
002907883 099 9 L $$aD4
002907883 1001  L $$aJanson, Marcos
002907883 24510 L $$aInsights em ortodontia$$cMarcos Janson ; colaboração de Eduardo Antonio Fanton, Francisco Honório da Silva Neto
002907883 260   L $$aMaringá$$bDental Press$$c2019
002907883 300   L $$a246 p$$bil$$c28 cm
002907883 504   L $$aInclui bibliografia: p. 245-246
002907883 650 7 L $$aODONTOLOGIA$$2larpcal
002907883 650 7 L $$aORTODONTIA$$2larpcal
002907883 7001  L $$aFanton, Eduardo Antonio$$4colab
002907883 7001  L $$aSilva Neto, Francisco Honório da$$4colab
002907883 945   L $$aL$$bLIVRO$$c01
002907883 CAT   L $$a5769511$$b10$$c20181023$$lUSP01$$h1223
002907883 001   L 002907883
