002917082 FMT   L BK
002917082 LDR   L 00000nam^^22^^^^^Ia^4500
002917082 BAS   L $$a01
002917082 008   L 181218s2019^^^^bl^a^^^^^^^^^^000^0^por^d
002917082 020   L $$a9788562451508
002917082 040   L $$aUSP/SIBI
002917082 0410  L $$apor
002917082 044   L $$abl
002917082 090   L $$aSF951
002917082 0920  L $$a636.1089796
002917082 09801 L $$a619:616-089.5
002917082 1001  L $$aLuna, Stelio Pacca Loureiro
002917082 24510 L $$aAnestesia e analgesia em equídeos, ruminantes e suínos$$cStelio Pacca Loureiro Luna, Adriano Bonfim Carregaro
002917082 260   L $$aSão Paulo$$bMedVet$$c2019
002917082 300   L $$a676 p$$bil.$$c28 cm
002917082 504   L $$aInclui referências bibliográficas
002917082 650 7 L $$aANESTESIA E ANALGESIA$$xVETERINÁRIA$$2larpcal
002917082 650 7 L $$aANESTESIOLOGIA VETERINÁRIA$$2larpcal
002917082 650 7 L $$aEQUINOS$$xCIRURGIA$$2larpcal
002917082 7001  L $$aCarregaro, Adriano Bonfim
002917082 945   L $$aL$$bLIVRO$$c01
002917082 CAT   L $$aCLAURAM$$b10$$c20181218$$lUSP01$$h1006
002917082 001   L 002917082
