002915995 FMT   L BK
002915995 LDR   L 00000nam^^22^^^^^Ia^4500
002915995 BAS   L $$a01
002915995 008   L 181211s2019^^^^bl^^^^^^^^^^^^000^0^por^d
002915995 020   L $$a9788520458488
002915995 040   L $$aUSP/SIBI
002915995 0410  L $$apor
002915995 044   L $$abl
002915995 099 9 L $$aWS330
002915995 24500 L $$aEndocrinologia pediátrica$$corganização Isabel Rey Madeira, Marilena de Menezes Cordeiro
002915995 250   L $$a2.ed
002915995 260   L $$aBarueri$$bManole$$c2019
002915995 300   L $$axviii, 240 p$$bil
002915995 4900  L $$aPediatria SOPERJ$$v1
002915995 500   L $$aVários autores
002915995 504   L $$aInclui referências bibliográficas e índice remissivo
002915995 650 7 L $$aENDOCRINOLOGIA PEDIÁTRICA$$2larpcal
002915995 7001  L $$aMadeira, Isabel Rey$$4org
002915995 7001  L $$aCordeiro, Marilena de Menezes$$4org
002915995 945   L $$aL$$bLIVRO$$c01
002915995 CAT   L $$aAPARECIDA$$b10$$c20181211$$lUSP01$$h1144
002915995 001   L 002915995
