002926943 FMT   L BK
002926943 LDR   L 00000nam^^^22^^^^Ia^^^^^
002926943 BAS   L $$a01
002926943 008   L 190212s2019^^^^bl^a^^^frn^^^^000^0^por^d
002926943 020   L $$a9788597010121
002926943 040   L $$aUSP/SIBI
002926943 0410  L $$apor
002926943 044   L $$abl
002926943 0920  L $$a001.43
002926943 1001  L $$aMarconi, Marina de Andrade
002926943 24510 L $$aFundamentos de metodologia científica$$cMarina de Andrade Marconi, Eva Maria Lakatos ; atualização de João Bosco Medeiros
002926943 250   L $$a8. ed.
002926943 260   L $$aSão Paulo$$bAtlas$$c2019
002926943 300   L $$axx, 346 p$$bil$$c23 cm
002926943 504   L $$aInclui bibliografia (p. 325-338) e índice (p. 339-346)
002926943 650 7 L $$aMETODOLOGIA DA PESQUISA$$2larpcal
002926943 650 7 L $$aMETODOLOGIA CIENTÍFICA$$2larpcal
002926943 7001  L $$aLakatos, Eva Maria
002926943 7001  L $$aMedeiros, Joao Bosco$$4atual
002926943 945   L $$aL$$bLIVRO$$c01
002926943 CAT   L $$a5769511$$b10$$c20190212$$lUSP01$$h1518
002926943 001   L 002926943
