002925975 FMT   L BK
002925975 LDR   L 00000nam^^22^^^^^Ia^4500
002925975 BAS   L $$a01
002925975 008   L 190207s2019^^^^bl^^^^^^^^^^^^000^0^por^d
002925975 040   L $$aUSP/SIBI
002925975 0410  L $$apor
002925975 044   L $$abl
002925975 1001  L $$aMenezes, Andre William Pereira
002925975 24510 L $$aEndurecimento de uma liga de alumínio endurecivel por precipitação em diferentes condições iniciais$$cAndré William Pereira Menezes; orient. Eduardo Franco Monlevade
002925975 260   L $$aSão Paulo$$bEPUSP$$c2019
002925975 300   L $$a53 p.
002925975 502   L $$aTrabalho de Formatura do curso de graduação do Departamento de Engenharia Metalúrgica e de Materiais
002925975 650 7 L $$aLAMINAÇÃO$$2larpcal
002925975 650 7 L $$aTRATAMENTO TÉRMICO$$2larpcal
002925975 7001  L $$aMonlevade, Eduardo Franco de$$d1976-
002925975 945   L $$aL$$bTRABALHO DE CONCLUSAO DE CURSO - TCC$$c11
002925975 CAT   L $$aDITCHIAN$$b10$$c20190207$$lUSP01$$h0946
002925975 CAT   L $$aDITCHIAN$$b10$$c20190207$$lUSP01$$h1021
002925975 001   L 002925975
