002927608 FMT   L BK
002927608 LDR   L 00000nam^^22^^^^^Ia^4500
002927608 BAS   L $$a01
002927608 008   L 190215s2019^^^^po^^^^^^^^^^^^000^0^por^d
002927608 020   L $$a9789728914929
002927608 040   L $$aUSP/SIBI
002927608 0410  L $$apor
002927608 044   L $$apo
002927608 0920  L $$a301.072
002927608 1001  L $$aMinayo, Maria Cecília de Souza
002927608 24510 L $$aTécnicas que fazem uso da palavra, do olhar e da empatia$$bpesquisa qualitativa em ação$$cMaria Cecília de Souza Minayo, António Pedro Costa
002927608 260   L $$aAveiro$$bLudomedia$$c2019
002927608 300   L $$a63 p$$bil
002927608 650 7 L $$aPESQUISA QUALITATIVA$$2larpcal
002927608 650 7 L $$aMETODOLOGIA DA PESQUISA$$2larpcal
002927608 650 7 L $$aMETODOLOGIA CIENTÍFICA$$2larpcal
002927608 7001  L $$aCosta, António Pedro
002927608 945   L $$aL$$bLIVRO$$c01
002927608 CAT   L $$a5758342$$b10$$c20190215$$lUSP01$$h0940
002927608 001   L 002927608
