002921939 FMT   L BK
002921939 LDR   L 00000nam^^22^^^^^Ia^4500
002921939 BAS   L $$a01
002921939 008   L 190123s2019^^^^nju^^^^^^^^^^^000^0^eng^d
002921939 020   L $$a9781119296249
002921939 040   L $$aUSP/SIBI
002921939 0410  L $$aeng
002921939 044   L $$axxu
002921939 099 9 L $$a68T75.30
002921939 1001  L $$aMoreira, João Mendes
002921939 24510 L $$aA general introduction to data analytics$$cJoão Mendes Moreira ; André C. P. L. F. de Carvalho ; Tomás Horváth
002921939 260   L $$aHoboken, NJ$$bWiley$$c2019
002921939 300   L $$a323 p
002921939 650 7 L $$aMINERAÇÃO DE DADOS$$2larpcal
002921939 650 7 L $$aANÁLISE DE DADOS$$2larpcal
002921939 650 7 L $$aPROCESSAMENTO DE DADOS$$2larpcal
002921939 650 7 L $$aANÁLISE MULTIVARIADA$$2larpcal
002921939 7001  L $$aCarvalho, André C. P. L. F. de
002921939 7001  L $$aHorváth, Tomás
002921939 945   L $$aL$$bLIVRO$$c01
002921939 CAT   L $$aBEHES$$b10$$c20190123$$lUSP01$$h1716
002921939 001   L 002921939
