002925978 FMT   L BK
002925978 LDR   L 00000nam^^22^^^^^Ia^4500
002925978 BAS   L $$a01
002925978 008   L 190207s2019^^^^bl^^^^^^^^^^^^000^0^por^d
002925978 040   L $$aUSP/SIBI
002925978 0410  L $$apor
002925978 044   L $$abl
002925978 1001  L $$aMoretão, Marina
002925978 24510 L $$aAnálise de falhas em aços alto carbono$$cMarina Moretão; orient. Eduardo Franco Monlevade
002925978 260   L $$aSão Paulo$$bEPUSP$$c2019
002925978 300   L $$a35 p.
002925978 502   L $$aTrabalho de Formatura do curso de graduação do Departamento de Engenharia Metalúrgica e de Materiais
002925978 650 7 L $$aCONFORMAÇÃO MECÂNICA$$2larpcal
002925978 650 7 L $$aTRATAMENTO TÉRMICO$$2larpcal
002925978 650 7 L $$aIMPERFEIÇÕES E FALHAS DOS MATERIAIS$$2larpcal
002925978 650 7 L $$aMETALOGRAFIA$$2larpcal
002925978 7001  L $$aMonlevade, Eduardo Franco de$$d1976-
002925978 945   L $$aL$$bTRABALHO DE CONCLUSAO DE CURSO - TCC$$c11
002925978 CAT   L $$aDITCHIAN$$b10$$c20190207$$lUSP01$$h0955
002925978 001   L 002925978
