002911510 FMT   L BK
002911510 LDR   L 00000nam^^22^^^^^Ia^4500
002911510 BAS   L $$a01
002911510 008   L 181113s2019^^^^bl^^^^^^^^^^^^000^0^por^d
002911510 020   L $$a9788527734264
002911510 040   L $$aUSP/SIBI
002911510 0410  L $$apor
002911510 044   L $$abl
002911510 1001  L $$aOguisso, Taka
002911510 24512 L $$aO exercício da enfermagem$$buma abordagem ético legal$$cTaka Oguisso, Maria José Schmidt
002911510 250   L $$a5. ed
002911510 260   L $$aRio de Janeiro$$bGuanabara Koogan$$c2019
002911510 300   L $$axxii, 401 p$$bil
002911510 650 7 L $$aÉTICA DA ENFERMAGEM$$2larpcal
002911510 650 7 L $$aLEGISLAÇÃO DE ENFERMAGEM$$2larpcal
002911510 7001  L $$aSchmidt, Maria José$$5(*)$$7NAC$$8Escola de Enfermagem Anna Nery da Universidade Federal do Rio de Janeiro$$9Brasil
002911510 7001  L $$aSilva, Antonio Carlos Vieira da$$4colab
002911510 7001  L $$aHumerez, Dorisdaia Carvalho de$$4colab
002911510 7001  L $$aHagopian, Ellen Maria$$4colab
002911510 7001  L $$aFreitas, Genival Fernandes de$$4colab
002911510 7001  L $$aPessoa, João Luis Erbs$$4colab
002911510 7001  L $$aSilva, Manoel Carlos Neri da$$4colab
002911510 7001  L $$aSilva, Onã$$4colab
002911510 7001  L $$aCampos, Paulo Fernando de Souza$$4colab
002911510 945   L $$aL$$bLIVRO$$c01
002911510 CAT   L $$a5758342$$b10$$c20181113$$lUSP01$$h1247
002911510 CAT   L $$a5758342$$b10$$c20190110$$lUSP01$$h1432
002911510 001   L 002911510
