002908214 FMT   L BK
002908214 LDR   L 00000nam^^22^^^^^Ia^4500
002908214 BAS   L $$a01
002908214 008   L 181024s2019^^^^bl^^^^^^^^^^^^000^0^por^d
002908214 020   L $$a9788520450734
002908214 040   L $$aUSP/SIBI
002908214 0410  L $$apor
002908214 044   L $$abl
002908214 24500 L $$aGestão urbana e sustentabilidade$$ced por Arlindo Philippi Jr, Gilda Collet Bruna
002908214 250   L $$a1.ed
002908214 260   L $$aSão Paulo$$bManole$$c2019
002908214 300   L $$axxiii, 1061 p
002908214 4900  L $$aColeção Ambiental
002908214 650 7 L $$aMEIO AMBIENTE$$2larpcal
002908214 650 7 L $$aSUSTENTABILIDADE$$2larpcal
002908214 7001  L $$aPhilippi Júnior, Arlindo$$4ed
002908214 7001  L $$aBruna, Gilda Collet$$4ed
002908214 7001  L $$aAbiko, Alex Kenya$$d1949-
002908214 7001  L $$aGrimoni, José Aquiles Baesso$$d1958-
002908214 7001  L $$aReis, Lineu Belico dos$$d1946-
002908214 7001  L $$aMartini, José Sidnei Colombo$$d1947-
002908214 7001  L $$aMonetti, Eliane$$d1955-
002908214 945   L $$aL$$bLIVRO$$c01
002908214 CAT   L $$aSIOLI$$b10$$c20181024$$lUSP01$$h1547
002908214 CAT   L $$aSIOLI$$b10$$c20181112$$lUSP01$$h1106
002908214 001   L 002908214
