002903523 FMT   L BK
002903523 LDR   L 00000nam^^22^^^^^Ia^4500
002903523 BAS   L $$a01
002903523 008   L 180921s2019^^^^bl^^^^^^^^^^^^000^0^por^d
002903523 020   L $$a9788520450734
002903523 040   L $$aUSP/SIBI
002903523 0410  L $$apor
002903523 044   L $$abl
002903523 0920  L $$a363.7
002903523 24500 L $$aGestão urbana e sustentabilidade$$cEditado por Arlindo Philippi Jr. e Gilda Collet Bruna
002903523 260   L $$aBarueri$$bManole$$c2019
002903523 300   L $$a1061 p
002903523 4900  L $$aAmbiental
002903523 585   L $$aExposição FSP novembro/2018
002903523 650 7 L $$aMEIO AMBIENTE$$2larpcal
002903523 650 7 L $$aSUSTENTABILIDADE$$2larpcal
002903523 650 7 L $$aURBANIZAÇÃO$$2larpcal
002903523 650 7 L $$aPLANEJAMENTO TERRITORIAL URBANO$$2larpcal
002903523 650 7 L $$aPOLÍTICAS PÚBLICAS$$2larpcal
002903523 7001  L $$aPhilippi Júnior, Arlindo$$4ed
002903523 7001  L $$aBruna, Gilda Collet$$4ed
002903523 945   L $$aL$$bLIVRO$$c01
002903523 CAT   L $$a7116482$$b10$$c20180921$$lUSP01$$h1654
002903523 CAT   L $$a7116482$$b10$$c20180921$$lUSP01$$h1656
002903523 CAT   L $$a7116482$$b10$$c20181029$$lUSP01$$h1603
002903523 001   L 002903523
