002924533 FMT   L BK
002924533 LDR   L 00000nam^^^22^^^^Ia^^^^^
002924533 BAS   L $$a01
002924533 008   L 190201s2019^^^^bl^a^^^^^^^^^^000^0^por^d
002924533 040   L $$aUSP/SIBI
002924533 0410  L $$apor
002924533 044   L $$abl
002924533 0920  L $$a709.81
002924533 24500 L $$aAlex Flemming$$becce homo$$ccuradoria e texto Ricardo Resende
002924533 260   L $$aSão Paulo$$bEmmathomas Galeria$$c2019
002924533 300   L $$a1 v.$$bil.
002924533 500   L $$aCatálogo de exposição, realizada na Emmathomas Galeria (São Paulo, SP), de 14 de fevereiro a 23 de março
002924533 546   L $$aPortuguês
002924533 60017 L $$aFlemming, Alex$$d1954-$$2larpcal
002924533 650 7 L $$aARTE CONTEMPORÂNEA$$zBRASIL$$2larpcal
002924533 7001  L $$aResende, Ricardo$$4cur
002924533 945   L $$aL$$bCATALOGO DE EXPOSICAO$$c52
002924533 CAT   L $$aANDERSON$$b10$$c20190201$$lUSP01$$h1627
002924533 CAT   L $$aANDERSON$$b10$$c20190201$$lUSP01$$h1629
002924533 001   L 002924533
