002924956 FMT   L BK
002924956 LDR   L 00000nam^^22^^^^^Ia^4500
002924956 BAS   L $$a01
002924956 008   L 190204s2019^^^^enk^^^^^^^^^^^000^0^eng^d
002924956 020   L $$a9781788731607
002924956 040   L $$aUSP/SIBI
002924956 0410  L $$aeng
002924956 044   L $$aenk
002924956 1001  L $$aRolnik, Raquel
002924956 24510 L $$aUrban warfare$$bhousing under the empire of finance$$cRaquel Rolnik; foreword by David Harvey; translation by Felipe Hirschhorn
002924956 260   L $$aLondon$$bVerso$$c2019
002924956 300   L $$a370 p
002924956 650 7 L $$aPOLÍTICA HABITACIONAL$$2larpcal
002924956 650 7 L $$aFINANCIAMENTO DA HABITAÇÃO$$2larpcal
002924956 650 7 L $$aECONOMIA INTERNACIONAL$$2larpcal
002924956 650 7 L $$aMERCADO IMOBILIÁRIO$$2larpcal
002924956 7001  L $$aHarvey, David$$4intr
002924956 7001  L $$aHirschhorn, Felipe$$4trad
002924956 945   L $$aL$$bLIVRO$$c01
002924956 CAT   L $$a754057$$b10$$c20190204$$lUSP01$$h1603
002924956 001   L 002924956
