002928276 FMT   L BK
002928276 LDR   L 00000nam^^22^^^^^Ia^4500
002928276 BAS   L $$a01
002928276 008   L 190219s2019^^^^bl^a^^^f^^^^^^000^0^por^d
002928276 020   L $$a9788530955816
002928276 040   L $$aUSP/SIBI
002928276 0410  L $$apor
002928276 044   L $$abl
002928276 24500 L $$aNegociação, mediação, conciliação e arbitragem$$bcurso de métodos adequados de solução de controvérsias$$ccoordenação: Carlos Alberto de Salles, Marco Antônio Garcia Lopes Lorencini, Paulo Eduardo Alves da Silva; Adolfo Braga Neto ... [et al.]
002928276 250   L $$a2. ed. rev., atual. e ampl
002928276 260   L $$aRio de Janeiro$$bForense$$c2019
002928276 300   L $$axvi, 284 p$$bil$$c23 cm
002928276 500   L $$aConsta apresentação à 1. edição de Ada Pellegrini Grinover e Kazuo Watanabe
002928276 504   L $$aInclui notas explicativas, bibliográficas e referências bibliográficas
002928276 5050  L $$aIntrodução / Carlos Alberto de Salles, Marco Antônio Garcia Lopes Lorencini, Paulo Eduardo Alves da Silva -- Resolução de disputas: métodos adequados para resultados possíveis e métodos possíveis para resultados adequados / Paulo Eduardo Alves da Silva -- "Sistema Multiportas": opções para tratamento de conflitos de forma adequada / Marco Antônio Garcia Lopes Lorencini -- Um passo adiante para resolver problemas complexos: desenho de sistemas de disputas / Diego Faleck -- Procurando entender as partes nos meios de resolução pacífica de conflitos, prevenção e gestão de crises / Célia Regina Zapparolli -- Negociação / Daniela Monteiro Gabbay -- Mediação de conflitos: conceito e técnicas / Adolfo Braga Neto -- A mediação de conflitos em casos concretos / Tania Almeida, Samantha Pelajo -- Conciliação em juízo: o que (não) é conciliar? / Fernanda Tartuce -- Arbitragem e processo arbitral / Luis Fernando Guerrero -- Arbitragem e jurisdição estatal / Carlos Alberto de Salles
002928276 650 7 L $$aNEGOCIAÇÃO$$2larpcal
002928276 650 7 L $$aMEDIAÇÃO E CONCILIAÇÃO$$2larpcal
002928276 650 7 L $$aARBITRAGEM$$2larpcal
002928276 650 7 L $$aSENTENÇA$$2larpcal
002928276 650 7 L $$aRESOLUÇÃO$$2larpcal
002928276 7001  L $$aSalles, Carlos Alberto de$$4coord
002928276 7001  L $$aLorencini, Marco Antônio Garcia Lopes$$4coord
002928276 7001  L $$aSilva, Paulo Eduardo Alves da$$4coord
002928276 7001  L $$aBraga Neto, Adolfo
002928276 945   L $$aL$$bLIVRO$$c01
002928276 CAT   L $$aFCAMPOS$$b10$$c20190219$$lUSP01$$h1529
002928276 CAT   L $$a2471160$$b10$$c20190219$$lUSP01$$h1624
002928276 CAT   L $$a2471160$$b10$$c20190219$$lUSP01$$h1631
002928276 CAT   L $$a2502212$$b10$$c20190219$$lUSP01$$h1908
002928276 001   L 002928276
