002921616 FMT   L BK
002921616 LDR   L 00000nam^^22^^^^^Ia^4500
002921616 BAS   L $$a01
002921616 008   L 190122s2019^^^^bl^^^^^^^^^^^^000^0^por^d
002921616 0247  L $$a10.11606/9788588848313$$2DOI
002921616 040   L $$aUSP/SIBI
002921616 0410  L $$apor
002921616 044   L $$abl
002921616 1001  L $$aSantos, Camila Vieira dos
002921616 24510 L $$aAções de prevenção, promoção e proteção à saúde no ambiente escolar vinculadas ao aprimoramento profissional e CRNUTRI/FSP/USP$$h[recurso eletrônico]
002921616 260   L $$aSão Paulo$$bFSP/USP$$c2019
002921616 4900  L $$ae-Coleções FSP/USP
002921616 500   L $$aEditora Eletrônica da FSP/USP - http://colecoes.sibi.usp.br/fsp/collections/show/4. Acesso em: 22/01/2019.
002921616 650 7 L $$aSAÚDE ESCOLAR$$2larpcal
002921616 650 7 L $$aALIMENTAÇÃO ESCOLAR$$2larpcal
002921616 650 7 L $$aDESENVOLVIMENTO PROFISSIONAL$$2larpcal
002921616 650 7 L $$aEDUCAÇÃO EM SAÚDE$$2larpcal
002921616 650 7 L $$aAVALIAÇÃO NUTRICIONAL$$2larpcal
002921616 650 7 L $$aANTROPOMETRIA$$2larpcal
002921616 7001  L $$aPinto e Silva, Maria Elisabeth Machado
002921616 7001  L $$aVieira, Viviane Laudelino
002921616 7001  L $$aAndrade, Samantha Caesar de
002921616 85641 L $$z"Clicar" sobre o botão para acesso ao texto$$uhttp://dx.doi.org/10.11606/9788588848313$$3Portal de Livros Abertos da USP
002921616 945   L $$aL$$bLIVRO$$c01
002921616 CAT   L $$aHALIDA$$b10$$c20190122$$lUSP01$$h1619
002921616 CAT   L $$aHALIDA$$b10$$c20190122$$lUSP01$$h1627
002921616 CAT   L $$aHALIDA$$b10$$c20190129$$lUSP01$$h1542
002921616 CAT   L $$aHALIDA$$b10$$c20190129$$lUSP01$$h1549
002921616 CAT   L $$aHALIDA$$b10$$c20190129$$lUSP01$$h1552
002921616 CAT   L $$aHALIDA$$b10$$c20190129$$lUSP01$$h1556
002921616 CAT   L $$aHALIDA$$b10$$c20190129$$lUSP01$$h1630
002921616 CAT   L $$aHALIDA$$b10$$c20190208$$lUSP01$$h1438
002921616 CAT   L $$aHALIDA$$b10$$c20190208$$lUSP01$$h1440
002921616 001   L 002921616
