002905448 FMT   L BK
002905448 LDR   L 00000nam^a22002415i^4500
002905448 BAS   L $$a01
002905448 008   L 181004s2019^^^^sz^^^^^^^^^^^^000^0^eng^d
002905448 020   L $$a9783319900162
002905448 040   L $$aUSP/SIBI
002905448 0410  L $$aeng
002905448 044   L $$asz
002905448 0920  L $$a338.542
002905448 24500 L $$aBusiness cycles in BRICS$$c[edited by] Sergey Smirnov, Ataman Ozyildirim, Paulo Picchetti
002905448 260   L $$aCham, Suiça$$bSpringer$$c2019
002905448 263   L $$a1807
002905448 300   L $$a513 p
002905448 4900  L $$aSocieties and political orders in transition
002905448 650 7 L $$aCICLOS ECONÔMICOS$$2larpcal
002905448 650 7 L $$aCRISE FINANCEIRA$$2larpcal
002905448 650 7 L $$aDESENVOLVIMENTO ECONÔMICO$$2larpcal
002905448 650 7 L $$aPAÍSES EM DESENVOLVIMENTO$$2larpcal
002905448 7001  L $$aSmirnov, Sergey$$4ed
002905448 7001  L $$aOzyildirim, Ataman$$4ed
002905448 7001  L $$aPicchetti, Paulo$$4ed
002905448 945   L $$aL$$bLIVRO$$c01
002905448 CAT   L $$a5940144$$b10$$c20181004$$lUSP01$$h1740
002905448 CAT   L $$aMARNEVES$$b10$$c20181005$$lUSP01$$h1348
002905448 001   L 002905448
