002916007 FMT   L BK
002916007 LDR   L 00000nam^^22^^^^^Ia^4500
002916007 BAS   L $$a01
002916007 008   L 181211s2019^^^^bl^^^^^^^^^^^^000^0^por^d
002916007 020   L $$a9788520457337
002916007 040   L $$aUSP/SIBI
002916007 0410  L $$apor
002916007 044   L $$abl
002916007 099 9 L $$aWP100
002916007 24500 L $$aUrgências e emergências em ginecologia e obstetrícia$$ccoordenação Almir Antonio Urbanetz
002916007 260   L $$aBarueri$$bManole$$c2019
002916007 300   L $$axxxiv, 946 p$$bil
002916007 500   L $$aVários autores
002916007 504   L $$aInclui referências bibliográficas e índice remissivo
002916007 650 7 L $$aGINECOLOGIA$$2larpcal
002916007 650 7 L $$aOBSTETRÍCIA$$2larpcal
002916007 650 7 L $$aMEDICINA DE EMERGÊNCIA$$2larpcal
002916007 7001  L $$aUrbanetz, Almir Antonio$$4coord
002916007 945   L $$aL$$bLIVRO$$c01
002916007 CAT   L $$aAPARECIDA$$b10$$c20181211$$lUSP01$$h1212
002916007 001   L 002916007
