002917692 FMT   L BK
002917692 LDR   L 00000nam^^22^^^^^Ia^4500
002917692 BAS   L $$a01
002917692 008   L 181220s2019^^^^bl^^^^^^^^^^^^000^0^por^d
002917692 020   L $$a9788520457566
002917692 040   L $$aUSP/SIBI
002917692 0410  L $$apor
002917692 044   L $$abl
002917692 099 9 L $$aWB100
002917692 24500 L $$aMedicina de emergência$$babordagem prática$$ccoordenador Irineu Tadeu Velasco ; editor chefe Rodrigo Antonio Brandão Neto ; editores Heraldo Possolo de Souza ... [et.al]
002917692 24600 L $$aEmergências clínicas
002917692 250   L $$a13. ed., rev., atual. e ampl
002917692 260   L $$aBarueri, SP$$bManole$$c2019
002917692 300   L $$axvi, 1304 p$$bil
002917692 500   L $$aDisciplina de emergências clínicas do Hospital das Clínicas da FMUSP
002917692 500   L $$aVários autores
002917692 500   L $$aNova edição de emergências clínicas
002917692 504   L $$aInclui referências bibliográficas e índice remissivo
002917692 650 7 L $$aMEDICINA DE EMERGÊNCIA$$2larpcal
002917692 650 7 L $$aPRIMEIROS SOCORROS$$2larpcal
002917692 650 7 L $$aSERVIÇOS MÉDICOS DE EMERGÊNCIA$$2larpcal
002917692 7001  L $$aVelasco, Irineu Tadeu$$4coord
002917692 7001  L $$aBrandão Neto, Rodrigo Antonio$$4ed
002917692 7001  L $$aSouza, Heraldo Possolo de$$4ed
002917692 945   L $$aL$$bLIVRO$$c01
002917692 CAT   L $$aAPARECIDA$$b10$$c20181220$$lUSP01$$h1549
002917692 001   L 002917692
