002928049 FMT   L BK
002928049 LDR   L 00000nam^^22^^^^^Ia^4500
002928049 BAS   L $$a01
002928049 008   L 190218s2019^^^^bl^^^^^f^^^^^^000^0^por^d
002928049 020   L $$a9788553210886
002928049 040   L $$aUSP/SIBI
002928049 0410  L $$apor
002928049 044   L $$abl
002928049 1001  L $$aZimmer Júnior, Aloísio
002928049 24510 L $$aCorrupção e improbidade administrativa$$bcenários de risco e a responsabilização dos agentes públicos municipais
002928049 250   L $$a2. tir
002928049 260   L $$aSão Paulo$$bThomson Reuters$$c2019
002928049 300   L $$a592 p
002928049 504   L $$aInclui notas explicativas, bibliográficas e bibliografia
002928049 650 7 L $$aADMINISTRAÇÃO PÚBLICA$$2larpcal
002928049 650 7 L $$aCOMPLIANCE$$2larpcal
002928049 650 7 L $$aDIREITO ADMINISTRATIVO$$2larpcal
002928049 650 7 L $$aRESPONSABILIDADE ADMINISTRATIVA$$2larpcal
002928049 650 7 L $$aIMPROBIDADE ADMINISTRATIVA$$2larpcal
002928049 945   L $$aL$$bLIVRO$$c01
002928049 CAT   L $$aFCAMPOS$$b10$$c20190218$$lUSP01$$h1622
002928049 001   L 002928049
