002924922 FMT   L BK
002924922 LDR   L 00000nam^^22^^^^^Ia^4500
002924922 BAS   L $$a01
002924922 008   L 190204s2005^^^^nyu^^^^^^^^^^^000^0^eng^d
002924922 020   L $$a9780199277391
002924922 040   L $$aUSP/SIBI
002924922 0410  L $$aeng
002924922 044   L $$anyu
002924922 09801 L $$a502.14 D811p
002924922 1001  L $$aDryzek, John S
002924922 24510 L $$aThe politic of the earth$$benvironmental discourses$$cJohn S Dryzek
002924922 250   L $$a2.ed
002924922 260   L $$aNew York$$bOxford$$c2019
002924922 300   L $$a261 p
002924922 650 7 L $$aSUSTENTABILIDADE$$2larpcal
002924922 650 7 L $$aPOLÍTICA AMBIENTAL$$2larpcal
002924922 945   L $$aL$$bLIVRO$$c01
002924922 CAT   L $$aPENHA$$b10$$c20190204$$lUSP01$$h1542
002924922 001   L 002924922
